@article{physionet2011paper,
  author = {Ikaro Silva and George B Moody and Leo Celi},
  journal = {Computers in Cardiology},
  pages = {273--276},
  title = {Improving the Quality of ECGs Collected Using Mobile Phones: The PhysioNet/Computing in Cardiology Challenge 2011},
  volume = {38},
  year = {2011}
}

@article{goldberger2000physiobank,
  title = {PhysioBank, PhysioToolkit, and PhysioNet: Components of a new research resource for complex physiologic signals},
  author = {Goldberger, Ary L and Amaral, Luis AN and Glass, Leon and Hausdorff, Jeffrey M and Ivanov, Plamen Ch and Mark, Roger G and Mietus, Joseph E and Moody, George B and Peng, Chung-Kang and Stanley, H Eugene},
  journal = {Circulation [Online]},
  volume = {101},
  number = {23},
  pages = {e215--e220},
  year = {2000},
  publisher = {American Heart Association},
}

@misc{physionet2011dataset,
  author = {Silva, Ikaro and Moody, George B. and Celi, Leo Anthony},
  title = {Improving the Quality of ECGs Collected using Mobile Phones: The PhysioNet/Computing in Cardiology Challenge 2011},
  year = {2011},
  url = {https://moody-challenge.physionet.org/2011/},
  note = {Accessed: 2024-06-13}
}

@misc{gmm,
  author       = {scikit-learn},
  title        = {Gaussian mixture models},
  howpublished = {https://scikit-learn.org/stable/modules/mixture.html},
  note         = {Accessed: 2024-08-07},
}

@article{mahalanobis,
  title={On the generalized distance in statistics},
  author={Mahalanobis, P.C.},
  journal={Proceedings of the National Institute of Science of India},
  volume={2},
  year={1936},
  pages={49--55}
}

@article{simclr,
  author       = {Ting Chen and
                  Simon Kornblith and
                  Mohammad Norouzi and
                  Geoffrey E. Hinton},
  title        = {A Simple Framework for Contrastive Learning of Visual Representations},
  journal      = {CoRR},
  volume       = {abs/2002.05709},
  year         = {2020},
  url          = {https://arxiv.org/abs/2002.05709},
  eprinttype    = {arXiv},
  eprint       = {2002.05709},
  timestamp    = {Tue, 06 Aug 2024 08:21:19 +0200},
  biburl       = {https://dblp.org/rec/journals/corr/abs-2002-05709.bib},
  bibsource    = {dblp computer science bibliography, https://dblp.org}
}

@article{infonce,
  author       = {A{\"{a}ron van den Oord and
                  Yazhe Li and
                  Oriol Vinyals}},
  title        = {Representation Learning with Contrastive Predictive Coding},
  journal      = {CoRR},
  volume       = {abs/1807.03748},
  year         = {2018},
  url          = {http://arxiv.org/abs/1807.03748},
  eprinttype    = {arXiv},
  eprint       = {1807.03748},
  timestamp    = {Mon, 13 Aug 2018 16:48:25 +0200},
  biburl       = {https://dblp.org/rec/journals/corr/abs-1807-03748.bib},
  bibsource    = {dblp computer science bibliography, https://dblp.org}
}

@article{id_ood,
   title={In-Distribution and Out-of-Distribution Self-Supervised ECG Representation Learning for Arrhythmia Detection},
   volume={28},
   ISSN={2168-2208},
   url={http://dx.doi.org/10.1109/JBHI.2023.3331626},
   DOI={10.1109/jbhi.2023.3331626},
   number={2},
   journal={IEEE Journal of Biomedical and Health Informatics},
   publisher={Institute of Electrical and Electronics Engineers (IEEE)},
   author={Soltanieh, Sahar and Hashemi, Javad and Etemad, Ali},
   year={2024},
   month=feb, pages={789--800} 
}

@article{binary,
  author = {Yoon Dukyong and Lim Hong Seok and Jung Kyoungwon and Kim Tae Young and Lee Sukhoon,},
  title = {Deep Learning-Based Electrocardiogram Signal Noise Detection and Screening Model},
  journal = {hir},
  volume = {25},
  number = {3},
  pages = {201-211},
  year = {2019},
  doi = {10.4258/hir.2019.25.3.201},
  URL = {http://www.e-sciencecentral.org/articles/?scid=1130331},
  eprint = {http://www.e-sciencecentral.org/articles/?scid=1130331}
}

@INPROCEEDINGS{noise_detection_qrs,
  author={Ansari, Sardar and Gryak, Jonathan and Najarian, Kayvan},
  booktitle={2018 40th Annual International Conference of the IEEE Engineering in Medicine and Biology Society (EMBC)}, 
  title={Noise Detection in Electrocardiography Signal for Robust Heart Rate Variability Analysis: A Deep Learning Approach}, 
  year={2018},
  volume={},
  number={},
  pages={5632-5635},
  doi={10.1109/EMBC.2018.8513537}
}

@misc{featurespace,
  title={Automatic Detection of Noisy Electrocardiogram Signals without Explicit Noise Labels}, 
  author={Radhika Dua and Jiyoung Lee and Joon-myoung Kwon and Edward Choi},
  year={2022},
  eprint={2208.08853},
  archivePrefix={arXiv},
  primaryClass={eess.SP},
  url={https://arxiv.org/abs/2208.08853}, 
}


@misc{autan,
  author = {Lomoio, Ugo and Vizza, Patrizia and Giancotti, Raffaele and Tradigo, Giuseppe and Petrolo, Salvatore and Flesca, Sergio and Guzzi, Pietro and Veltri, Pierangelo},
  year = {2023},
  title = {AUTAN-ECG: An AUToencoder bAsed system for anomaly detectioN in ECG signals},
  doi = {10.36227/techrxiv.24638856}
}

@INPROCEEDINGS{abnormal_heart,
  author={Putra, Bayu Wijaya and Fachrurrozi, Muhammad and Sanjaya, M. Rudi and Firdaus and Muliawati, Anita and Satria Mukti, Akhmad Noviar and Nurmaini, Siti},
  booktitle={2019 International Conference on Informatics, Multimedia, Cyber and Information System (ICIMCIS)}, 
  title={Abnormality Heartbeat Classification of ECG Signal Using Deep Neural Network and Autoencoder}, 
  year={2019},
  volume={},
  number={},
  pages={213-218},
  doi={10.1109/ICIMCIS48181.2019.8985206}
}

@article{adaptive,
  title = {Removing ECG noise from surface EMG signals using adaptive filtering},
  journal = {Neuroscience Letters},
  volume = {462},
  number = {1},
  pages = {14-19},
  year = {2009},
  issn = {0304-3940},
  doi = {https://doi.org/10.1016/j.neulet.2009.06.063},
  url = {https://www.sciencedirect.com/science/article/pii/S0304394009008593},
  author = {Guohua Lu and John-Stuart Brittain and Peter Holland and John Yianni and Alexander L. Green and John F. Stein and Tipu Z. Aziz and Shouyan Wang}
}

@article{ica,
  author = {Kuzilek, Jakub and Křemen, Václav and Soucek, Filip and Lhotska, Lenka},
  year = {2014},
  month = {06},
  pages = {e98450},
  title = {Independent Component Analysis and Decision Trees for ECG Holter Recording De-Noising},
  volume = {9},
  journal = {PloS one},
  doi = {10.1371/journal.pone.0098450}
}

@article{straightforward,
  author = {Neri, Luca and Gallelli, Ilaria and Dall'Olio, Massimo and Lago, Jessica and Borghi, Claudio and Diemberger, Igor and Corazza, Ivan},
  title = {Validation of a New and Straightforward Algorithm to Evaluate Signal Quality during ECG Monitoring with Wearable Devices Used in a Clinical Setting},
  journal = {Bioengineering},
  volume = {11},
  year = {2024},
  number = {3},
  article-number = {222},
  url = {https://www.mdpi.com/2306-5354/11/3/222},
  PubMedID = {38534496},
  ISSN = {2306-5354},
  doi = {10.3390/bioengineering11030222}
}

@article{bayesian,
  author = {Sameni, Reza and Shamsollahi, Mohammad and Jutten, Christian and Clifford, G.D.},
  year = {2007},
  month = {01},
  pages = {2172-2185},
  title = {A Nonlinear Bayesian Filtering Framework for ECG Denoising},
  volume = {54},
  journal = {Biomedical Engineering, IEEE Transactions on}
}

@INPROCEEDINGS{denoising1,
  author={Arsene, Corneliu T.C. and Hankins, Richard and Yin, Hujun},
  booktitle={2019 27th European Signal Processing Conference (EUSIPCO)}, 
  title={Deep Learning Models for Denoising ECG Signals}, 
  year={2019},
  volume={},
  number={},
  pages={1-5},
  doi={10.23919/EUSIPCO.2019.8902833}
}

@misc{denoising2,
  title={Deep Recurrent Neural Networks for ECG Signal Denoising}, 
  author={Karol Antczak},
  year={2019},
  eprint={1807.11551},
  archivePrefix={arXiv},
  primaryClass={cs.NE},
  url={https://arxiv.org/abs/1807.11551}, 
}

@article{denoising3,
  author = {Nurmaini, Siti and Darmawahyuni, Annisa and Sakti Mukti, Akhmad Noviar and Rachmatullah, Muhammad Naufal and Firdaus, Firdaus and Tutuko, Bambang},
  title = {Deep Learning-Based Stacked Denoising and Autoencoder for ECG Heartbeat Classification},
  journal = {Electronics},
  volume = {9},
  year = {2020},
  number = {1},
  article-number = {135},
  url = {https://www.mdpi.com/2079-9292/9/1/135},
  ISSN = {2079-9292},
  doi = {10.3390/electronics9010135}
}

@misc{uncertainty_ood,
  title={Detecting OODs as datapoints with High Uncertainty}, 
  author={Ramneet Kaur and Susmit Jha and Anirban Roy and Sangdon Park and Oleg Sokolsky and Insup Lee},
  year={2021},
  eprint={2108.06380},
  archivePrefix={arXiv},
  primaryClass={cs.LG},
  url={https://arxiv.org/abs/2108.06380}
}

@article{uncertainty_cordys,
    author = {Vranken, Jeroen F and van de Leur, Rutger R and Gupta, Deepak K and Juarez Orozco, Luis E and Hassink, Rutger J and van der Harst, Pim and Doevendans, Pieter A and Gulshad, Sadaf and van Es, René},
    title = "{Uncertainty estimation for deep learning-based automated analysis of 12-lead electrocardiograms}",
    journal = {European Heart Journal - Digital Health},
    volume = {2},
    number = {3},
    pages = {401-415},
    year = {2021},
    month = {05},
    issn = {2634-3916},
    doi = {10.1093/ehjdh/ztab045},
    url = {https://doi.org/10.1093/ehjdh/ztab045},
    eprint = {https://academic.oup.com/ehjdh/article-pdf/2/3/401/47116803/ztab045.pdf},
}

@misc{calibration,
  title={On Calibration of Modern Neural Networks}, 
  author={Chuan Guo and Geoff Pleiss and Yu Sun and Kilian Q. Weinberger},
  year={2017},
  eprint={1706.04599},
  archivePrefix={arXiv},
  primaryClass={cs.LG},
  url={https://arxiv.org/abs/1706.04599}, 
}

@article{focalloss,
  author       = {Tsung{-}Yi Lin and
                  Priya Goyal and
                  Ross B. Girshick and
                  Kaiming He and
                  Piotr Doll{\'{a}}r},
  title        = {Focal Loss for Dense Object Detection},
  journal      = {CoRR},
  volume       = {abs/1708.02002},
  year         = {2017},
  url          = {http://arxiv.org/abs/1708.02002},
  eprinttype    = {arXiv},
  eprint       = {1708.02002},
  timestamp    = {Mon, 13 Aug 2018 16:46:12 +0200},
  biburl       = {https://dblp.org/rec/journals/corr/abs-1708-02002.bib},
  bibsource    = {dblp computer science bibliography, https://dblp.org}
}

@article{ecgstats,
  author    = {Liang Xie and Zhibo Li and Yan Zhou and Yudong He and Ji Zhu},
  title     = {Computational Diagnostic Techniques for Electrocardiogram Signal Analysis},
  journal   = {Sensors (Basel)},
  year      = {2020},
  volume    = {20},
  number    = {21},
  pages     = {6318},
  doi       = {10.3390/s20216318},
  pmid      = {33167558},
  pmcid     = {PMC7664289},
  month     = {11},
  day       = {5}
}

@misc{rethinking,
  title={Rethinking Reconstruction Autoencoder-Based Out-of-Distribution Detection}, 
  author={Yibo Zhou},
  year={2023},
  eprint={2203.02194},
  archivePrefix={arXiv},
  primaryClass={cs.CV},
  url={https://arxiv.org/abs/2203.02194}, 
}

@misc{augmentations,
  title={Analysis of Augmentations for Contrastive ECG Representation Learning}, 
  author={Sahar Soltanieh and Ali Etemad and Javad Hashemi},
  year={2022},
  eprint={2206.07656},
  archivePrefix={arXiv},
  primaryClass={eess.SP},
  url={https://arxiv.org/abs/2206.07656}, 
}

@article{butterworth,
  author    = {S. Butterworth},
  title     = {On the Theory of Filter Amplifiers},
  journal   = {Experimental Wireless and the Wireless Engineer},
  volume    = {7},
  year      = {1930},
  pages     = {536--541},
}

@article{doubleresidual,
  title={Cardiologist-level arrhythmia detection and classification in ambulatory electrocardiograms using a deep neural network},
  author={Hannun, Awni Y and Rajpurkar, Pranav and Haghpanahi, Masoumeh and Tison, Geoffrey H and Bourn, Codie and Turakhia, Mintu P and Ng, Andrew Y},
  journal={Nature medicine},
  volume={25},
  number={1},
  pages={65--69},
  year={2019},
  publisher={Nature Publishing Group US New York}
}

@article{adamw,
  author       = {Ilya Loshchilov and
                  Frank Hutter},
  title        = {Fixing Weight Decay Regularization in Adam},
  journal      = {CoRR},
  volume       = {abs/1711.05101},
  year         = {2017},
  url          = {http://arxiv.org/abs/1711.05101},
  eprinttype    = {arXiv},
  eprint       = {1711.05101},
  timestamp    = {Mon, 13 Aug 2018 16:48:18 +0200},
  biburl       = {https://dblp.org/rec/journals/corr/abs-1711-05101.bib},
  bibsource    = {dblp computer science bibliography, https://dblp.org}
}

@article{onecyclelr,
  author       = {Leslie N. Smith and
                  Nicholay Topin},
  title        = {Super-Convergence: Very Fast Training of Residual Networks Using Large
                  Learning Rates},
  journal      = {CoRR},
  volume       = {abs/1708.07120},
  year         = {2017},
  url          = {http://arxiv.org/abs/1708.07120},
  eprinttype    = {arXiv},
  eprint       = {1708.07120},
  timestamp    = {Mon, 13 Aug 2018 16:48:13 +0200},
  biburl       = {https://dblp.org/rec/journals/corr/abs-1708-07120.bib},
  bibsource    = {dblp computer science bibliography, https://dblp.org}
}

@article{ecgnoisetypes,
  author = {Chatterjee, Shubhojeet and Thakur, Rini Smita and Yadav, Ram Narayan and Gupta, Lalita and Raghuvanshi, Deepak Kumar},
  title = {Review of noise removal techniques in ECG signals},
  journal = {IET Signal Processing},
  volume = {14},
  number = {9},
  pages = {569-590},
  doi = {https://doi.org/10.1049/iet-spr.2020.0104},
  url = {https://ietresearch.onlinelibrary.wiley.com/doi/abs/10.1049/iet-spr.2020.0104},
  eprint = {https://ietresearch.onlinelibrary.wiley.com/doi/pdf/10.1049/iet-spr.2020.0104},
  year = {2020}
}

@article{roc,
  title = {An introduction to ROC analysis},
  journal = {Pattern Recognition Letters},
  volume = {27},
  number = {8},
  pages = {861-874},
  year = {2006},
  note = {ROC Analysis in Pattern Recognition},
  issn = {0167-8655},
  doi = {https://doi.org/10.1016/j.patrec.2005.10.010},
  url = {https://www.sciencedirect.com/science/article/pii/S016786550500303X},
  author = {Tom Fawcett},
}

@article{rocmedicine,
  author = {Hajian-Tilaki, Karimollah},
  year = {2013},
  month = {09},
  pages = {627-635},
  title = {Receiver Operating Characteristic (ROC) Curve Analysis for Medical Diagnostic Test Evaluation},
  volume = {4},
  journal = {Caspian journal of internal medicine}
}

@misc{simclrprojection,
    title={Understanding and Improving the Role of Projection Head in Self-Supervised Learning}, 
    author={Kartik Gupta and Thalaiyasingam Ajanthan and Anton van den Hengel and Stephen Gould},
    year={2022},
    eprint={2212.11491},
    archivePrefix={arXiv},
    primaryClass={cs.LG},
    url={https://arxiv.org/abs/2212.11491}, 
}

@article{ecgdefinition,
  title = {A survey on ECG analysis},
  journal = {Biomedical Signal Processing and Control},
  volume = {43},
  pages = {216-235},
  year = {2018},
  issn = {1746-8094},
  doi = {https://doi.org/10.1016/j.bspc.2018.03.003},
  url = {https://www.sciencedirect.com/science/article/pii/S1746809418300636},
  author = {Selcan {Kaplan Berkaya} and Alper Kursat Uysal and Efnan {Sora Gunal} and Semih Ergin and Serkan Gunal and M. Bilginer Gulmezoglu},
}

@article{ecgleads,
  title = {Reconstruction of the 12-lead electrocardiogram from reduced lead sets},
  journal = {Journal of Electrocardiology},
  volume = {37},
  number = {1},
  pages = {11-18},
  year = {2004},
  issn = {0022-0736},
  doi = {https://doi.org/10.1016/j.jelectrocard.2003.10.004},
  url = {https://www.sciencedirect.com/science/article/pii/S0022073603001729},
  author = {Stefan P Nelwan and Jan A Kors and Simon H Meij and Jan H {van Bemmel} and Maarten L Simoons},
}

@article{ecginterpretation,
  title={Accuracy of physicians' electrocardiogram interpretations: a systematic review and meta-analysis},
  author={Cook, David A and Oh, So-Young and Pusic, Martin V},
  journal={JAMA internal medicine},
  volume={180},
  number={11},
  pages={1461--1471},
  year={2020},
  publisher={American Medical Association}
}

@article{bootstrap,
  author = {B. Efron},
  title = {{Bootstrap Methods: Another Look at the Jackknife}},
  volume = {7},
  journal = {The Annals of Statistics},
  number = {1},
  publisher = {Institute of Mathematical Statistics},
  pages = {1 -- 26},
  year = {1979},
  doi = {10.1214/aos/1176344552},
  URL = {https://doi.org/10.1214/aos/1176344552}
}

@Article{oodreview,
  AUTHOR = {Cui, Peng and Wang, Jinjia},
  TITLE = {Out-of-Distribution (OOD) Detection Based on Deep Learning: A Review},
  JOURNAL = {Electronics},
  VOLUME = {11},
  YEAR = {2022},
  NUMBER = {21},
  ARTICLE-NUMBER = {3500},
  URL = {https://www.mdpi.com/2079-9292/11/21/3500},
  ISSN = {2079-9292},
  DOI = {10.3390/electronics11213500}
}

@inbook{ecgcomponents,
  author = {Nataraj, Chandrasekhar and Jalali, Ali and Ghorbanian, Parham},
  year = {2012},
  month = {04},
  pages = {},
  title = {Application of Computational Intelligence Techniques for Cardiovascular Diagnostics},
  isbn = {978-953-51-0534-3},
  doi = {10.5772/38032}
}
